<record><leader>00000cas a2200000 a 4500</leader><controlfield tag="001">9247777</controlfield><controlfield tag="008">830223d19641978ilumx ne      0   a0eng c</controlfield><datafield ind1=" " ind2=" " tag="010"><subfield code="a">sn 91054193 </subfield></datafield><datafield ind1=" " ind2=" " tag="040"><subfield code="a">HUC</subfield><subfield code="b">eng</subfield><subfield code="c">HUC</subfield><subfield code="d">NVF</subfield><subfield code="d">MGN</subfield><subfield code="d">OCLCQ</subfield><subfield code="d">NVF</subfield><subfield code="d">OCLCQ</subfield><subfield code="d">OCLCF</subfield><subfield code="d">OCLCO</subfield><subfield code="d">NVF</subfield><subfield code="d">OCLCO</subfield><subfield code="d">OCLCA</subfield></datafield><datafield ind1="1" ind2=" " tag="029"><subfield code="a">AU@</subfield><subfield code="b">000025870327</subfield></datafield><datafield ind1=" " ind2=" " tag="042"><subfield code="a">pcc</subfield></datafield><datafield ind1=" " ind2=" " tag="043"><subfield code="a">n-us-il</subfield></datafield><datafield ind1="0" ind2=" " tag="130"><subfield code="a">Southern Illinois Jewish community news (East Saint Louis, Ill. : 1964)</subfield></datafield><datafield ind1="1" ind2="0" tag="245"><subfield code="a">Southern Illinois Jewish community news.</subfield></datafield><datafield ind1=" " ind2=" " tag="260"><subfield code="a">East St. Louis, Ill. :</subfield><subfield code="b">Jewish Federation of Southern Illinois,</subfield><subfield code="c">1964-1978.</subfield></datafield><datafield ind1="3" ind2=" " tag="260"><subfield code="3">Aug. 1976-Dec. 1978</subfield><subfield code="a">Belleville, Ill.</subfield></datafield><datafield ind1=" " ind2=" " tag="300"><subfield code="a">volumes :</subfield><subfield code="b">illustrations, portraits ;</subfield><subfield code="c">44 cm.</subfield></datafield><datafield ind1=" " ind2=" " tag="310"><subfield code="a">Ten issues yearly</subfield></datafield><datafield ind1="0" ind2=" " tag="362"><subfield code="a">Vol. 19, no. 8 (Apr. 1964)-v. 36, no. 3 (Dec. 1978).</subfield></datafield><datafield ind1=" " ind2="0" tag="650"><subfield code="a">Jews</subfield><subfield code="z">United States</subfield><subfield code="z">Illinois</subfield><subfield code="z">Southern Illinois.</subfield></datafield><datafield ind1=" " ind2="0" tag="650"><subfield code="a">Jewish American newspapers</subfield><subfield code="z">Illinois</subfield><subfield code="z">Southern Illinois.</subfield></datafield><datafield ind1=" " ind2="0" tag="651"><subfield code="a">Belleville (Ill.)</subfield><subfield code="v">Newspapers.</subfield></datafield><datafield ind1=" " ind2="0" tag="651"><subfield code="a">East Saint Louis (Ill.)</subfield><subfield code="v">Newspapers.</subfield></datafield><datafield ind1=" " ind2="0" tag="651"><subfield code="a">Southern Illinois (Ill.)</subfield><subfield code="v">Newspapers.</subfield></datafield><datafield ind1=" " ind2="7" tag="650"><subfield code="a">Jewish newspapers.</subfield><subfield code="2">fast</subfield><subfield code="0">(OCoLC)fst00982872</subfield></datafield><datafield ind1=" " ind2="7" tag="650"><subfield code="a">Jews.</subfield><subfield code="2">fast</subfield><subfield code="0">(OCoLC)fst00983135</subfield></datafield><datafield ind1=" " ind2="7" tag="651"><subfield code="a">Illinois.</subfield><subfield code="2">fast</subfield><subfield code="0">(OCoLC)fst01205143</subfield></datafield><datafield ind1=" " ind2="7" tag="651"><subfield code="a">Illinois</subfield><subfield code="z">Belleville.</subfield><subfield code="2">fast</subfield><subfield code="0">(OCoLC)fst01202799</subfield></datafield><datafield ind1=" " ind2="7" tag="651"><subfield code="a">Illinois</subfield><subfield code="z">East Saint Louis.</subfield><subfield code="2">fast</subfield><subfield code="0">(OCoLC)fst01213679</subfield></datafield><datafield ind1=" " ind2="7" tag="655"><subfield code="a">Newspapers.</subfield><subfield code="2">fast</subfield><subfield code="0">(OCoLC)fst01423814</subfield></datafield><datafield ind1=" " ind2=" " tag="752"><subfield code="a">United States</subfield><subfield code="b">Illinois</subfield><subfield code="c">Saint Clair County</subfield><subfield code="d">Belleville.</subfield></datafield><datafield ind1=" " ind2=" " tag="752"><subfield code="a">United States</subfield><subfield code="b">Illinois</subfield><subfield code="c">Saint Clair County</subfield><subfield code="d">East Saint Louis.</subfield></datafield><datafield ind1="0" ind2="0" tag="780"><subfield code="t">Jewish community news of Southern Illinois</subfield><subfield code="w">(DLC)sn 95068778</subfield><subfield code="w">(OCoLC)32208135</subfield></datafield><datafield ind1="0" ind2="0" tag="785"><subfield code="t">Jewish community news (Belleville, Ill.)</subfield><subfield code="w">(DLC)sn 91054194</subfield><subfield code="w">(OCoLC)9247778</subfield></datafield></record>